@techreport{Sinnige2020,
    author={T. Sinnige and G. Eitelberg},
    title={Lab-Exercise Manual - AE4115 Experimental Simulations},
    institution={Delft University of Technology},
    address={Delft University of Technology, Delft, South Holland, 2628 CD},
    year={2020},
    month={12},
    type={{Laboratory manual and assignment}},
}

@techreport{Bettini2021,
    author={Andrea Bettini and Elrawy Soliman and Suyash Shrestha and Sanjay Vermani},
    title={AE4115 -- Pre-Test Report},
    institution={Delft University of Technology},
    address={Delft University of Technology, Delft, South Holland, 2628 CD},
    year={2021},
    month={1},
    type={{Experimental plan}},
}

@techreport{Eitelberg2020,
    author={G. Eitelberg and T. \VAN~Pelt and T. Sinnige and E.M. Raijmakers},
    title={AE4115: Experimental Simulations Reader},
    institution={Delft University of Technology},
    address={Delft University of Technology, Delft, South Holland, 2628 CD},
    year={2020},
    month={11},
    type={{Lecture reader}},
}

@book{Allen2002,
    title={Aeroacoustic Measurements},
    author={Christopher S. Allen and William K. Blake and Robert P. Dougherty and Denis Lynch and Paul T. Soderman and James R. Underbrink},
    editor={Thomas J. Mueller},
    year={2002},
    publisher={Springer-Verlag Berlin Heidelberg}
}

@article{Herrez2016,
    doi={10.5194/wes-1-89-2016},
    url={https://doi.org/10.5194/wes-1-89-2016},
    year={2016},
    month={7},
    publisher={Copernicus {GmbH}},
    volume={1},
    number={2},
    pages={89--100},
    author={Iv{\'{a}}n Herr{\'{a}}ez and Bu{\c{s}}ra Akay and Gerard J. W. van Bussel and Joachim Peinke and Bernhard Stoevesandt},
    title={Detailed analysis of the blade root flow of a horizontal axis wind turbine},
    journal={Wind Energy Science},
}